<record><leader>00000cas a22000007a 4500</leader><controlfield tag="001">12282697</controlfield><controlfield tag="008">850719d19201994inudn ne      0    0eng d</controlfield><controlfield tag="009">5452</controlfield><datafield ind1=" " ind2=" " tag="010"><subfield code="a">sn 85048002 </subfield></datafield><datafield ind1=" " ind2=" " tag="040"><subfield code="a">NPI</subfield><subfield code="b">eng</subfield><subfield code="c">NPI</subfield><subfield code="d">DLC</subfield><subfield code="d">NPI</subfield></datafield><datafield ind1=" " ind2=" " tag="042"><subfield code="a">msc</subfield></datafield><datafield ind1="0" ind2="0" tag="245"><subfield code="a">Seymour daily tribune.</subfield></datafield><datafield ind1=" " ind2=" " tag="260"><subfield code="a">Seymour, Ind. :</subfield><subfield code="b">L. Thurman Gill,</subfield><subfield code="c">1920-1994.</subfield></datafield><datafield ind1=" " ind2=" " tag="300"><subfield code="a">75 v. :</subfield><subfield code="b">ill. ;</subfield><subfield code="c">58 cm.</subfield></datafield><datafield ind1=" " ind2=" " tag="310"><subfield code="a">Daily (except Sundays and holidays)</subfield></datafield><datafield ind1="0" ind2=" " tag="362"><subfield code="a">Vol. 39, no. 189 (Aug. 9, 1920)-Sept. 9, 1994.</subfield></datafield><datafield ind1=" " ind2=" " tag="500"><subfield code="a">Established by Jay C. Smith.</subfield></datafield><datafield ind1=" " ind2=" " tag="752"><subfield code="a">United States</subfield><subfield code="b">Indiana</subfield><subfield code="c">Jackson</subfield><subfield code="d">Seymour.</subfield></datafield><datafield ind1="0" ind2="4" tag="780"><subfield code="t">Seymour daily Democrat (Seymour, Ind. : 1912)</subfield></datafield><datafield ind1="0" ind2="4" tag="780"><subfield code="t">Seymour daily Republican</subfield><subfield code="w">(DLC)sn 85048001</subfield></datafield><datafield ind1="0" ind2="0" tag="785"><subfield code="t">Tribune (Seymour, Ind.)</subfield><subfield code="w">(DLC)sn 95067506</subfield></datafield><datafield ind1="1" ind2=" " tag="787"><subfield code="t">A look back into Seymour's history</subfield><subfield code="w">(DLC)   93-660123</subfield><subfield code="w">(OCoLC)23741062)</subfield></datafield></record>